@book{womak:lean-thinking,
  author    = {James P. Womack, Daniel T. Jones},
  title     = {Lean Thinking, Second Editon},
  publisher = {Simon \& Schuster, Inc.},
  year      = {2010}
}


@online{site:athesys,
  title = {Athesys Srl},
  url   = {https://athesys.it/}
}

@online{site:monokee,
  title = {Monokee Srl},
  url   = {https://monokee.com/en/homepage/}
}

@online{site:what-is-oauth,
  title = {What is OAuth 2.0},
  url   = {https://auth0.com/intro-to-iam/what-is-oauth-2}
}
@online{site:ssi,
  title = {Self-Sovereign Identity: The Ultimate Guide 2023},
  url   = {https://www.dock.io/post/self-sovereign-identity}
}
@online{site:sso,
  title = {What is Single Sign-On},
  url   = {https://www.ibm.com/topics/single-sign-on}
}
@online{site:oidc,
  title = {OIDC's documentation},
  url   = {https://openid.net/connect/}
}
@online{site:google-oauth,
  title = {Using OAuth 2.0 to Access Google APIs},
  url   = {https://developers.google.com/identity/protocols/oauth2}
}

@online{site:oauth-flow,
  title = {OAuth 2.0 authorization flow},
  url   = {https://www.loginradius.com/blog/engineering/authorization-code-flow-oauth/}
}

@online{site:understanding-pam,
  title = {Understanding PAM},
  url   = {https://aplawrence.com/Basics/understandingpam.html}
}

@online{site:pam-configuration,
  title = {Linux PAM configuration tutorial},
  url   = {https://web.archive.org/web/20190420035810/https://fedetask.com/linx-pam-configuration-tutorial/}
}
@online{site:writing-pam-module,
  title = {Writing a Linux PAM module},
  url   = {https://web.archive.org/web/20190523222819/https:/fedetask.com/write-linux-pam-module/}
}

@online{site:writing-pam-application,
  title = {Writing a PAM-aware application},
  url   = {https://web.archive.org/web/20190420073246/https://fedetask.com/writing-a-linux-pam-aware-application/}
}
@online{site:linux-man-online,
  title = {Linux man pages online},
  url   = {https://man7.org/linux/man-pages/index.html}
}
@online{site:using-ext-idp-idm,
  title = {Using external identity providers to authenticate to IdM},
  url   = {https://access.redhat.com/documentation/en-us/red_hat_enterprise_linux/8/html/configuring_and_managing_identity_management/assembly_using-external-identity-providers-to-authenticate-to-idm_configuring-and-managing-idm#proc_enabling-an-idm-user-to-authenticate-via-an-external-idp_assembly_using-external-identity-providers-to-authenticate-to-idm}
}
@online{site:freeipa-website,
  title = {FreeIPA's website},
  url   = {https://www.freeipa.org/page/Main_Page}
}
@online{site:freeipa-docs,
  title = {FreeIPA's documentation},
  url   = {https://freeipa.readthedocs.io/en/latest/index.html}
}
@online{site:freeipa-curl,
  title = {Talking to FreeIPA JSON web API via curl},
  url   = {https://adam.younglogic.com/2010/07/talking-to-freeipa-json-web-api-via-curl/}
}
@online{site:freeipa-rest,
  title = {A REST interface for FreeIPA Plugged In},
  url   = {https://www.admin-magazine.com/Archive/2016/34/A-REST-interface-for-FreeIPA#article_l2}
}
@online{site:monokee-docs,
  title = {Monokee's documentation},
  url   = {https://test.monokee.com/docs/}
}
@online{site:saml,
  title = {How SAML authentication works},
  url   = {https://auth0.com/blog/how-saml-authentication-works/}
}

@online{site:centos-stream,
  title = {Comparing Centos Linux and CentOS Stream},
  url   = {https://www.centos.org/cl-vs-cs/}
}
@online{site:idaas,
  title = {What is identity-as-a-service (IDaaS)?},
  url   = {https://www.cloudflare.com/en-gb/learning/access-management/what-is-identity-as-a-service/}
}
@online{site:iam,
  title = {What is identity and access management? Guide to IAM},
  url   = {https://www.techtarget.com/searchsecurity/definition/identity-access-management-IAM-system}
}
@online{site:docs,
  title = {Documentazione stage},
  url   = {https://github.com/monokee-stage/stage-unipd-arena/blob/main/docs.md}
}
}
@online{site:pam-app,
  title = {pam\_example.c},
  url   = {https://github.com/monokee-stage/stage-unipd-arena/blob/main/pam/pam_example.c}
}
@online{site:pam-module,
  title = {pam\_module_example.c},
  url   = {https://github.com/monokee-stage/stage-unipd-arena/blob/main/pam/pam_module_example.c}
}
}
@online{site:pam-module-oidc,
  title = {oidc.c},
  url   = {https://github.com/monokee-stage/stage-unipd-arena/blob/main/pam/oidc.c}
}

@online{site:redhat-bugzilla,
  title = {Bug 1602410},
  url   = {https://bugzilla.redhat.com/show_bug.cgi?id=1602410}
}

@online{site:freeipa-issue,
  title = {Issue 7473},
  url   = {https://pagure.io/freeipa/issue/7473}
}

@online{site:freeipa-users-1,
  title = {FreeIPA users mailing list - Thread 1},
  url   = {https://lists.fedoraproject.org/archives/list/freeipa-users@lists.fedorahosted.org/thread/GFGYCBUEFVU7XDIGHSAWF36MK6224ZVL/}
}

@online{site:freeipa-users-2,
  title = {FreeIPA users mailing list - Thread 2},
  url   = {https://lists.fedoraproject.org/archives/list/freeipa-users@lists.fedorahosted.org/thread/GZ5ISOSFYO34DZILJFCPOGKBBGD5RBHI/}
}

@online{site:freeipa-users-3,
  title = {FreeIPA users mailing list - Thread 3},
  url   = {https://lists.fedoraproject.org/archives/list/freeipa-users@lists.fedorahosted.org/thread/L3F25NOAS5WZVYTGQAKSGVRWIEOB6EOG/}
}

@online{site:centos-forums,
  title = {CentOS Forums - Thread},
  url   = {https://forums.centos.org/viewtopic.php?f=47&t=79922}
}

